<record><leader>00000cas a22000007a 4500</leader><controlfield tag="001">16702067</controlfield><controlfield tag="008">870917c19699999ohumr ne      0    0eng d</controlfield><datafield ind1=" " ind2=" " tag="010"><subfield code="a">sn 87076684 </subfield></datafield><datafield ind1=" " ind2=" " tag="040"><subfield code="a">ONP</subfield><subfield code="b">eng</subfield><subfield code="c">ONP</subfield><subfield code="d">OCLCQ</subfield></datafield><datafield ind1=" " ind2=" " tag="042"><subfield code="a">msc</subfield></datafield><datafield ind1="0" ind2="0" tag="245"><subfield code="a">Horsemen's corral.</subfield></datafield><datafield ind1=" " ind2=" " tag="260"><subfield code="a">New London, Ohio :</subfield><subfield code="b">[s.n.]</subfield></datafield><datafield ind1=" " ind2=" " tag="310"><subfield code="a">Monthly</subfield></datafield><datafield ind1="1" ind2=" " tag="362"><subfield code="a">Began in 1969.</subfield></datafield><datafield ind1=" " ind2=" " tag="588"><subfield code="a">Description based on: Vol. 14, no. 2 (Feb. 1981).</subfield></datafield><datafield ind1=" " ind2=" " tag="752"><subfield code="a">United States</subfield><subfield code="b">Ohio</subfield><subfield code="c">Huron</subfield><subfield code="d">New London.</subfield></datafield></record>